<?xml version="1.0" encoding="UTF-8"?><collection xmlns="http://www.loc.gov/MARC21/slim"><record><leader>00521nam--2200169-i-4500</leader><controlfield tag="001">000000059</controlfield><controlfield tag="002">20161230</controlfield><controlfield tag="005">20161230201023</controlfield><controlfield tag="008">060222s1000------------r-----000-0-eng-d</controlfield><datafield ind1=" " ind2=" " tag="040"><subfield code="a">IFIN-HH</subfield></datafield><datafield ind1=" " ind2=" " tag="080"><subfield code="a">537.222.22:538.975:538.95</subfield></datafield><datafield ind1="1" ind2=" " tag="100"><subfield code="a">Frumkin, A.N</subfield></datafield><datafield ind1="1" ind2="0" tag="245"><subfield code="a">Surface properties of semiconductors</subfield><subfield code="b">Authorized translation from the russian by tybulewiecz, a</subfield><subfield code="c">A.n. frumkin (ed.)</subfield></datafield><datafield ind1=" " ind2=" " tag="260"><subfield code="a">New York</subfield><subfield code="b">Consultants Bureau</subfield><subfield code="c">1964</subfield></datafield><datafield ind1=" " ind2=" " tag="300"><subfield code="a">171 P</subfield></datafield><datafield ind1=" " ind2=" " tag="852"><subfield code="a">75200</subfield><subfield code="c">537.311.33</subfield></datafield><datafield ind1=" " ind2=" " tag="CAT"><subfield code="a">Sys</subfield><subfield code="c">20110801</subfield><subfield code="h">101627</subfield></datafield></record></collection>